<?xml version="1.0" encoding="UTF-8"?>
<record xmlns="http://www.loc.gov/MARC21/slim" xmlns:xsi="http://www.w3.org/2001/XMLSchema-instance" xsi:schemaLocation="http://www.loc.gov/MARC21/slim http://www.loc.gov/standards/marcxml/schema/MARC21slim.xsd">
<leader>00000cam a22      i 4500</leader>
<controlfield tag="001">002849244</controlfield>
<controlfield tag="003">NNU</controlfield>
<controlfield tag="005">20150714160506.0</controlfield>
<controlfield tag="008">880715m19519999ua            000 0 ara d</controlfield>
<datafield tag="035" ind1=" " ind2=" ">
<subfield code="a">(OCoLC)65849380</subfield>
<subfield code="z">(OCoLC)875010909</subfield>
</datafield>
<datafield tag="040" ind1=" " ind2=" ">
<subfield code="a">EYM</subfield>
<subfield code="b">eng</subfield>
<subfield code="c">EYM</subfield>
<subfield code="d">OCLCG</subfield>
<subfield code="d">OCLCA</subfield>
<subfield code="d">OCLCF</subfield>
<subfield code="d">OCLCO</subfield>
<subfield code="d">OCLCQ</subfield>
<subfield code="d">OCLCO</subfield>
<subfield code="d">NNU</subfield>
</datafield>
<datafield tag="043" ind1=" " ind2=" ">
<subfield code="a">f-ti---</subfield>
</datafield>
<datafield tag="050" ind1=" " ind2="4">
<subfield code="a">BP64.A43</subfield>
<subfield code="b">M344 1951</subfield>
</datafield>
<datafield tag="100" ind1="1" ind2=" ">
<subfield code="6">880-01</subfield>
<subfield code="a">Mālikī, Abū Bakr ʻAbd Allāh ibn Muḥammad,</subfield>
<subfield code="d">active 967-1061.</subfield>
</datafield>
<datafield tag="240" ind1="1" ind2="0">
<subfield code="6">880-02</subfield>
<subfield code="a">riyāḍ al-nufūs</subfield>
</datafield>
<datafield tag="245" ind1="1" ind2="0">
<subfield code="6">880-03</subfield>
<subfield code="a">Kitāb riyāḍ al-nufūs :</subfield>
<subfield code="b">fī ṭabaqāt ʻulamā' al-Qayrawān wa-Afrīqiyah ... /</subfield>
<subfield code="c">ta'līf Abī Bakr ʻAbd Allāh ibn Abī ʻAbd Allāh al-Mālikī ; qāma bi-nashrihi Ḥusayn Mu'nis.</subfield>
</datafield>
<datafield tag="250" ind1=" " ind2=" ">
<subfield code="6">880-04</subfield>
<subfield code="a">al-Ṭabʻah 1.</subfield>
</datafield>
<datafield tag="260" ind1=" " ind2=" ">
<subfield code="6">880-05</subfield>
<subfield code="a">al-Qāhirah :</subfield>
<subfield code="b">Maktabat al-Nahḍah al-Miṣrīyah,</subfield>
<subfield code="c">1951-</subfield>
</datafield>
<datafield tag="300" ind1=" " ind2=" ">
<subfield code="a">volumes ;</subfield>
<subfield code="c">24 cm</subfield>
</datafield>
<datafield tag="336" ind1=" " ind2=" ">
<subfield code="a">text</subfield>
<subfield code="b">txt</subfield>
<subfield code="2">rdacontent</subfield>
</datafield>
<datafield tag="337" ind1=" " ind2=" ">
<subfield code="a">unmediated</subfield>
<subfield code="b">n</subfield>
<subfield code="2">rdamedia</subfield>
</datafield>
<datafield tag="338" ind1=" " ind2=" ">
<subfield code="a">volume</subfield>
<subfield code="b">nc</subfield>
<subfield code="2">rdacarrier</subfield>
</datafield>
<datafield tag="650" ind1=" " ind2="0">
<subfield code="a">Malikites</subfield>
<subfield code="v">Biography.</subfield>
</datafield>
<datafield tag="650" ind1=" " ind2="0">
<subfield code="a">Arabs</subfield>
<subfield code="v">Biography.</subfield>
</datafield>
<datafield tag="651" ind1=" " ind2="0">
<subfield code="a">Qayrawān (Tunisia)</subfield>
</datafield>
<datafield tag="650" ind1=" " ind2="7">
<subfield code="a">Arabs.</subfield>
<subfield code="2">fast</subfield>
<subfield code="0">(OCoLC)fst00812576</subfield>
</datafield>
<datafield tag="650" ind1=" " ind2="7">
<subfield code="a">Malikites.</subfield>
<subfield code="2">fast</subfield>
<subfield code="0">(OCoLC)fst01006724</subfield>
</datafield>
<datafield tag="651" ind1=" " ind2="7">
<subfield code="a">Tunisia</subfield>
<subfield code="z">Qayrawān.</subfield>
<subfield code="2">fast</subfield>
<subfield code="0">(OCoLC)fst01222952</subfield>
</datafield>
<datafield tag="655" ind1=" " ind2="7">
<subfield code="a">Biography.</subfield>
<subfield code="2">fast</subfield>
<subfield code="0">(OCoLC)fst01423686</subfield>
</datafield>
<datafield tag="700" ind1="1" ind2=" ">
<subfield code="6">880-06</subfield>
<subfield code="a">Muʼnis, Ḥusayn,</subfield>
<subfield code="d">1911-</subfield>
</datafield>
<datafield tag="740" ind1="0" ind2=" ">
<subfield code="6">880-07</subfield>
<subfield code="a">riyāḍ al-nufūs.</subfield>
</datafield>
<datafield tag="776" ind1="0" ind2="8">
<subfield code="i">Online version:</subfield>
<subfield code="a">Mālikī, Abū Bakr ʻAbd Allāh ibn Muḥammad, active 967-1061.</subfield>
<subfield code="t">Kitāb riyāḍ al-nufūs fī ṭabaqāt ʻulamā' al-Qayrawān wa-Afrīqiyah ...</subfield>
<subfield code="b">al-Ṭabʻah 1.</subfield>
<subfield code="d">al-Qāhirah : Maktabat al-Nahḍah al-Miṣrīyah, 1951-</subfield>
<subfield code="w">(OCoLC)558033264</subfield>
</datafield>
<datafield tag="776" ind1="0" ind2="8">
<subfield code="i">Online version:</subfield>
<subfield code="a">Mālikī, Abū Bakr ʻAbd Allāh ibn Muḥammad, active 967-1061.</subfield>
<subfield code="t">Kitāb riyāḍ al-nufūs fī ṭabaqāt ʻulamā' al-Qayrawān wa-Afrīqiyah ...</subfield>
<subfield code="b">al-Ṭabʻah 1.</subfield>
<subfield code="d">al-Qāhirah : Maktabat al-Nahḍah al-Miṣrīyah, 1951-</subfield>
<subfield code="w">(OCoLC)606297102</subfield>
</datafield>
<datafield tag="880" ind1="1" ind2=" ">
<subfield code="6">100-01/</subfield>
<subfield code="a">مالكي، ابو اكر عبد الله بن محمد،</subfield>
<subfield code="d">active 967-1061.</subfield>
</datafield>
<datafield tag="880" ind1="1" ind2="0">
<subfield code="6">240-02/</subfield>
<subfield code="a">رياض النفوس</subfield>
</datafield>
<datafield tag="880" ind1="1" ind2="0">
<subfield code="6">245-03/</subfield>
<subfield code="a">كتاب رياض النفوس :</subfield>
<subfield code="b">في طبقات علماء القيروان وإفريقية ... /</subfield>
<subfield code="c">تأليف ابي بكر عبد الله بن ابي عبد الله المالكي ؛قام على نشره حسين مؤنس.</subfield>
</datafield>
<datafield tag="880" ind1=" " ind2=" ">
<subfield code="6">250-04/</subfield>
<subfield code="a">الطبعة ١.</subfield>
</datafield>
<datafield tag="880" ind1=" " ind2=" ">
<subfield code="6">260-05/</subfield>
<subfield code="a">القاهرة:</subfield>
<subfield code="b">مكتبة النهضةالمصرية،</subfield>
<subfield code="c">1951-</subfield>
</datafield>
<datafield tag="880" ind1="1" ind2=" ">
<subfield code="6">700-06/</subfield>
<subfield code="a">مؤنس،حسين،</subfield>
<subfield code="d">١٩١١-</subfield>
</datafield>
<datafield tag="880" ind1="0" ind2=" ">
<subfield code="6">740-07/</subfield>
<subfield code="a">رياض النفوس.</subfield>
</datafield>
<datafield tag="OWN" ind1=" " ind2=" ">
<subfield code="a">GENERAL</subfield>
</datafield>
<datafield tag="AVA" ind1=" " ind2=" ">
<subfield code="a">NYU50</subfield>
<subfield code="b">BOBST</subfield>
<subfield code="c">Main Collection</subfield>
<subfield code="d">BP64.A43 M344 1951</subfield>
<subfield code="e">unavailable</subfield>
<subfield code="t">Unavailable</subfield>
<subfield code="f">1</subfield>
<subfield code="g">1</subfield>
<subfield code="h">Y</subfield>
<subfield code="i">0</subfield>
<subfield code="j">MAIN</subfield>
<subfield code="k">0</subfield>
</datafield>
</record>
